% This file was created with JabRef 2.5.
% Encoding: Cp1252

@INPROCEEDINGS{Bhadkamkar,
  author = {Bhadkamkar, Medha and Guerra, Jorge and Useche, Luis and Burnett,
	Sam and Liptak, Jason and Rangaswami, Raju and Hristidis, Vagelis},
  title = {BORG: block-reORGanization for self-optimizing storage systems},
  booktitle = {Proccedings of the 7th conference on File and storage technologies},
  year = {2009},
  series = {FAST '09},
  pages = {183--196},
  address = {Berkeley, CA, USA},
  publisher = {USENIX Association},
  acmid = {1525922},
  location = {San Francisco, California},
  numpages = {14},
  url = {http://dl.acm.org/citation.cfm?id=1525908.1525922}
}

@INPROCEEDINGS{Bisson07ahybrid,
  author = {Timothy Bisson and Scott A. Brandt and Darrell D. E. Long},
  title = {A hybrid diskaware spin-down algorithm with I/O subsystem support},
  booktitle = {In Proceedings of the 26th IEEE International Performance, Computing
	and Communications Conference},
  year = {2007},
  file = {:C\:\\Users\\Ming\\Dropbox\\Research\\A Hybrid Disk-Aware Spin-Down Algorithm with IOSubsystem Support.pdf:PDF}
}

@INPROCEEDINGS{slow_fast,
  author = {Carrera, Enrique V. and Pinheiro, Eduardo and Bianchini, Ricardo},
  title = {Conserving disk energy in network servers},
  booktitle = {Proceedings of the 17th annual international conference on Supercomputing},
  year = {2003},
  series = {ICS '03},
  pages = {86--97},
  address = {New York, NY, USA},
  publisher = {ACM},
  acmid = {782829},
  doi = {10.1145/782814.782829},
  isbn = {1-58113-733-8},
  keywords = {disk power, energy conservation, network servers},
  location = {San Francisco, CA, USA},
  numpages = {12},
  url = {http://doi.acm.org/10.1145/782814.782829}
}

@INCOLLECTION{Debnath_SkimpyStash,
  author = {Debnath, Biplob and Sengupta, Sudipta and Li, Jin},
  title = {SkimpyStash: RAM space skimpy key-value store on flash-based storage},
  booktitle = {Proceedings of the 2011 international conference on Management of
	data},
  publisher = {ACM},
  year = {2011},
  series = {SIGMOD '11},
  pages = {25--36},
  address = {New York, NY, USA},
  acmid = {1989327},
  doi = {10.1145/1989323.1989327},
  isbn = {978-1-4503-0661-4},
  keywords = {flash memory, indexing, key-value store, log-structured index., ram
	space efficient index},
  location = {Athens, Greece},
  numpages = {12},
  url = {http://doi.acm.org/10.1145/1989323.1989327}
}

@INPROCEEDINGS{Debnath_Bloomflash,
  author = {Debnath, Biplob and Sengupta, Sudipta and Li, Jin and Lilja, David
	J. and Du, David H. C.},
  title = {BloomFlash: Bloom Filter on Flash-Based Storage},
  booktitle = {Proceedings of the 2011 31st International Conference on Distributed
	Computing Systems},
  year = {2011},
  series = {ICDCS '11},
  pages = {635--644},
  address = {Washington, DC, USA},
  publisher = {IEEE Computer Society},
  acmid = {2014793},
  doi = {10.1109/ICDCS.2011.44},
  isbn = {978-0-7695-4364-2},
  keywords = {Bloom Filter, Flash Memory, Solid State Disk (SSD), Hierarchical Design,
	Data Center Applications},
  numpages = {10},
  url = {http://dx.doi.org/10.1109/ICDCS.2011.44}
}

@INPROCEEDINGS{Deng_future,
  author = {Deng, Yuhui},
  title = {What is the future of disk drives, death or rebirth?},
  year = {2011},
  volume = {43},
  number = {3},
  pages = {23:1--23:27},
  address = {New York, NY, USA},
  month = apr,
  publisher = {ACM},
  acmid = {1922660},
  articleno = {23},
  doi = {10.1145/1922649.1922660},
  issn = {0360-0300},
  issue_date = {April 2011},
  journal = {ACM Comput. Surv.},
  keywords = {Disk drive, architecture, energy efficiency, flash memory, thermal
	envelope},
  numpages = {27},
  url = {http://doi.acm.org/10.1145/1922649.1922660}
}

@INPROCEEDINGS{Douglis_95,
  author = {Douglis, Fred and Krishnan, P. and Bershad, Brian N.},
  title = {Adaptive Disk Spin-down Policies for Mobile Computers},
  booktitle = {Proceedings of the 2nd Symposium on Mobile and Location-Independent
	Computing},
  year = {1995},
  series = {MLICS '95},
  pages = {121--137},
  address = {Berkeley, CA, USA},
  publisher = {USENIX Association},
  acmid = {692374},
  isbn = {1-880446-69-3},
  numpages = {17},
  url = {http://dl.acm.org/citation.cfm?id=646407.692374}
}

@ARTICLE{pred_data_grouping,
  author = {Essary, David and Amer, Ahmed},
  title = {Predictive data grouping: Defining the bounds of energy and latency
	reduction through predictive data grouping and replication},
  journal = {Trans. Storage},
  year = {2008},
  volume = {4},
  pages = {2:1--2:23},
  number = {1},
  month = may,
  acmid = {1353454},
  address = {New York, NY, USA},
  articleno = {2},
  doi = {10.1145/1353452.1353454},
  issn = {1553-3077},
  issue_date = {May 2008},
  keywords = {Data grouping, latency, layout optimization, power, power management,replication},
  numpages = {23},
  publisher = {ACM},
  url = {http://doi.acm.org/10.1145/1353452.1353454}
}

@ARTICLE{huangfs2,
  author = {Huang, Hai and Hung, Wanda and Shin, Kang G.},
  title = {FS2: dynamic data replication in free disk space for improving disk
	performance and energy consumption},
  journal = {SIGOPS Oper. Syst. Rev.},
  year = {2005},
  volume = {39},
  pages = {263--276},
  number = {5},
  month = oct,
  acmid = {1095836},
  address = {New York, NY, USA},
  doi = {10.1145/1095809.1095836},
  issn = {0163-5980},
  issue_date = {December 2005},
  keywords = {data replication, disk layout reorganization, dynamic file system,
	free disk space},
  numpages = {14},
  publisher = {ACM},
  url = {http://doi.acm.org/10.1145/1095809.1095836}
}

@INPROCEEDINGS{Jiang:2005:DEB:1251028.1251036,
  author = {Jiang, Song and Ding, Xiaoning and Chen, Feng and Tan, Enhua and
	Zhang, Xiaodong},
  title = {DULO: an effective buffer cache management scheme to exploit both
	temporal and spatial locality},
  booktitle = {Proceedings of the 4th conference on USENIX Conference on File and
	Storage Technologies - Volume 4},
  year = {2005},
  series = {FAST'05},
  pages = {8--8},
  address = {Berkeley, CA, USA},
  publisher = {USENIX Association},
  acmid = {1251036},
  file = {:C\:\\Users\\Ming\\Dropbox\\Research\\DULO_An Effective Buffer Cache Management Scheme to Exploit Both.pdf:PDF},
  location = {San Francisco, CA},
  numpages = {1},
  url = {http://dl.acm.org/citation.cfm?id=1251028.1251036}
}

@INPROCEEDINGS{systor09greencomp,
  author = {R. Kothiyal and V. Tarasov and P. Sehgal and E. Zadok},
  title = {Energy and Performance Evaluation of Lossless File Data Compression on Server Systems},
  booktitle = {Proceedings of the Second ACM Israeli Experimental Systems Conference (SYSTOR '09)},
  year = {2009},
  address = {Haifa, Israel},
  month = {May},
  publisher = {ACM},
  key = {systor2009}
}

@MISC{Li06highperformance,
  author = {Dong Li and Dong Li Phd},
  title = {HIGH PERFORMANCE ENERGY EFFICIENT FILE STORAGE SYSTEM},
  year = {2006}
}

@article{Li_model,
  author = {Li, Tao and John, Lizy Kurian},
  title = {Run-time modeling and estimation of operating system power consumption},
  year = {2003},
  volume = {31},
  number = {1},
  pages = {160--171},
  address = {New York, NY, USA},
  month = jun,
  publisher = {ACM},
  acmid = {781048},
  doi = {10.1145/885651.781048},
  issn = {0163-5999},
  issue_date = {June 2003},
  journal = {SIGMETRICS Perform. Eval. Rev.},
  keywords = {low power, operating system, power estimation},
  numpages = {12},
  url = {http://doi.acm.org/10.1145/885651.781048}
}

@INPROCEEDINGS{Li04c-miner,
  author = {Zhenmin Li and Zhifeng Chen and Sudarshan M. Srinivasan and Yuanyuan
	Zhou},
  title = {C-Miner: Mining Block Correlations in Storage Systems},
  booktitle = {In Proceedings of the 3rd USENIX Symposium on File and Storage Technologies
	(FAST ’04},
  year = {2004},
  pages = {173--186}
}

@INPROCEEDINGS{fast12emc-energy,
  author = {Z. Li and K. M. Greenan and A. W. Leung and E. Zadok},
  title = {Power Consumption in Enterprise-Scale Backup Storage Systems},
  booktitle = {Proceedings of the Tenth USENIX Conference on File and Storage Technologies
	(FAST '12)},
  year = {2012},
  address = {San Jose, CA},
  month = {February},
  publisher = {USENIX Association},
  key = {fast2012}
}

@INPROCEEDINGS{systor11,
  author = {Li, Zhichao and Grosu, Radu and Sehgal, Priya and Smolka, Scott A.
	and Stoller, Scott D. and Zadok, Erez},
  title = {On the energy consumption and performance of systems software},
  booktitle = {Proceedings of the 4th Annual International Conference on Systems
	and Storage},
  year = {2011},
  series = {SYSTOR '11},
  pages = {8:1--8:12},
  address = {New York, NY, USA},
  publisher = {ACM},
  acmid = {1987827},
  articleno = {8},
  doi = {http://doi.acm.org/10.1145/1987816.1987827},
  file = {:media/Documents/Course/CSE595/papers/systor11.pdf:PDF},
  isbn = {978-1-4503-0773-4},
  keywords = {data compression, energy efficiency, system identification},
  location = {Haifa, Israel},
  numpages = {12},
  owner = {ming},
  timestamp = {2012.01.25},
  url = {http://doi.acm.org/10.1145/1987816.1987827}
}

@INPROCEEDINGS{migration04,
  author = {Eduardo Pinheiro and Ricardo Bianchini},
  title = {Energy Conservation Techniques for Disk Array-Based Servers},
  booktitle = {Proceeding of the 18th International Conference on Supercomputing
	(ICS 2004)},
  year = {2004},
  pages = {68--78},
  owner = {ming},
  timestamp = {2012.04.08}
}

@INPROCEEDINGS{Riska:2006:DDL:1267359.1267368,
  author = {Riska, Alma and Riedel, Erik},
  title = {Disk drive level workload characterization},
  booktitle = {Proceedings of the annual conference on USENIX '06 Annual Technical
	Conference},
  year = {2006},
  series = {ATEC '06},
  pages = {9--9},
  address = {Berkeley, CA, USA},
  publisher = {USENIX Association},
  acmid = {1267368},
  file = {:C\:\\Users\\Ming\\Dropbox\\Research\\Disk drive level workload characterization.pdf:PDF},
  location = {Boston, MA},
  numpages = {1},
  url = {http://dl.acm.org/citation.cfm?id=1267359.1267368}
}

@MISC{storage_40,
  author = {G. Schulz.},
  title = {Storage industry trends and it infrastructure resource management
	(irm)},
  year = {2007},
  note = {www.storageio.com/DownloadItems/CMG/MSP CMG May03 2007.pdf},
  owner = {ming},
  timestamp = {2012.04.06}
}

@INPROCEEDINGS{fast10fsgreen,
  author = {P. Sehgal and V. Tarasov and E. Zadok},
  title = {Evaluating Performance and Energy in File System Server Workloads},
  booktitle = {Proceedings of the Eighth USENIX Conference on File and Storage Technologies
	(FAST '10)},
  year = {2010},
  pages = {253--266},
  address = {San Jose, CA},
  month = {February},
  publisher = {USENIX Association},
  file = {:media/Documents/Course/CSE595/papers/fs-green-comparison.pdf:PDF},
  key = {fast2010},
  owner = {ming},
  timestamp = {2012.01.25}
}

@ARTICLE{Sivathanu_dgraid,
  author = {Sivathanu, Muthian and Prabhakaran, Vijayan and Arpaci-Dusseau, Andrea
	C. and Arpaci-Dusseau, Remzi H.},
  title = {Improving storage system availability with D-GRAID},
  journal = {Trans. Storage},
  year = {2005},
  volume = {1},
  pages = {133--170},
  number = {2},
  month = may,
  acmid = {1063787},
  address = {New York, NY, USA},
  doi = {10.1145/1063786.1063787},
  issn = {1553-3077},
  issue_date = {May 2005},
  keywords = {Block-based storage, Disk array, RAID, fault isolation, file systems,
	smart disks},
  numpages = {38},
  publisher = {ACM},
  url = {http://doi.acm.org/10.1145/1063786.1063787}
}

@MISC{ibm_green_beyond,
  author = {Andy Soon},
  title = {Green \& Beyond: Data Center Actions to Increase Business Responsiveness
	and Reduce Costs},
  year = {2009},
  note = {http://www.slideshare.net/IBMAsean/green-beyond-data-center-actions-to-increase-business-responsiveness-and-reduce-costs},
  owner = {ming},
  timestamp = {2012.04.06}
}

@INPROCEEDINGS{hddcache,
  author = {Soundararajan, Gokul and Prabhakaran, Vijayan and Balakrishnan, Mahesh
	and Wobber, Ted},
  title = {Extending SSD lifetimes with disk-based write caches},
  booktitle = {Proceedings of the 8th USENIX conference on File and storage technologies},
  year = {2010},
  series = {FAST'10},
  pages = {8--8},
  address = {Berkeley, CA, USA},
  publisher = {USENIX Association},
  acmid = {1855519},
  file = {:C\:\\Users\\Ming\\Dropbox\\Research\\Extending SSD lifetimes with disk-based write caches.pdf:PDF},
  location = {San Jose, California},
  numpages = {1},
  url = {http://dl.acm.org/citation.cfm?id=1855511.1855519}
}

@INPROCEEDINGS{fast12t2m,
  author = {V. Tarasov and K. S. Kumar and J. Ma and D. Hildebrand and A. Povzner
	and G. Kuenning and E. Zadok},
  title = {Extracting Flexible, Replayable Models from Large Block Traces},
  booktitle = {Proceedings of the Tenth USENIX Conference on File and Storage Technologies
	(FAST '12)},
  year = {2012},
  address = {San Jose, CA},
  month = {February},
  publisher = {USENIX Association},
  key = {fast2012}
}

@MISC{flashcache_experiments,
  author = {Vadim Tkachenko},
  title = {FlashCache: First experiments},
  month = {May},
  year = {2010},
  note = {http://www.mysqlperformanceblog.com/2010/05/10/flashcache-first-experiments/},
  owner = {ming},
  timestamp = {2012.04.06}
}

@INPROCEEDINGS{Weddle07paraid,
  author = {Charles Weddle and Mathew Oldham and Jin Qian and An-i Andy Wang},
  title = {PARAID: The gearshifting power-aware RAID},
  booktitle = {In Proc. USENIX Conference on File and Storage Technologies (FAST 07},
  year = {2007},
  pages = {245--260},
  publisher = {USENIX Association}
}

@INPROCEEDINGS{Wildani_grouping,
  author = {Wildani, Avani and Miller, Ethan L. and Ward, Lee},
  title = {Efficiently identifying working sets in block I/O streams},
  booktitle = {Proceedings of the 4th Annual International Conference on Systems
	and Storage},
  year = {2011},
  series = {SYSTOR '11},
  pages = {5:1--5:12},
  address = {New York, NY, USA},
  publisher = {ACM},
  acmid = {1987823},
  articleno = {5},
  doi = {10.1145/1987816.1987823},
  isbn = {978-1-4503-0773-4},
  keywords = {automated management, file-system contents, grouping},
  location = {Haifa, Israel},
  numpages = {12},
  url = {http://doi.acm.org/10.1145/1987816.1987823}
}

@INPROCEEDINGS{Zhu04reducingenergy,
  author = {Qingbo Zhu and Francis M. David and Christo F. Devaraj and Zhenmin
	Li and Yuanyuan Zhou and Computer Science},
  title = {Reducing Energy Consumption of Disk Storage Using Power-Aware Cache
	Management},
  booktitle = {In Proceedings of the International Symposium on High-Performance
	Computer Architecture (HPCA), Febuary},
  year = {2004},
  pages = {118--129}
}

@MISC{wiki_dm,
  author = {Wikipedia}, 
  title = {Device Mapper},
  month = {May},
  year = {2012},
  owner = {ming},
  timestamp = {2012.04.08},
  url = {http://en.wikipedia.org/wiki/Device_mapper}
}


@comment{jabref-meta: selector_review:}

@comment{jabref-meta: selector_publisher:}

@comment{jabref-meta: selector_author:}

@comment{jabref-meta: selector_journal:}

@comment{jabref-meta: selector_keywords:}

