@article{Kryder_afterhard,
  author =	 "M. H. Kryder and C. S. Kim",
  title =	 "After Hard Drives: What Comes Next?",
  journal =	 "IEEE Transactions on Magnetics",
  volume =	 45,
  issue =	 10,
  month =	 "October",
  year =	 2009,
  pages =	 "3406--13",
}

@inproceedings{Amer_designissues,
  author =	 "A. Amer and D. D. E. Long and E. L. Miller
                  and J. Paris and T. Schwarz",
  title =	 "Design Issues for a Shingled Write Disk System",
  year =	 2010,
  month =	 "May",
  pages =	 "1--12",
  location =	 "Incline Village, NV",
  booktitle =	 "{Proceedings of the 26nd IEEE Conference on Mass Storage
                  Systems and Technologies (MSST'10)}",
}

@techreport{cmu_smr_principles_tr,
  author =	 "G. Gibson and G. Ganger",
  title =	 "Principles of Operation for Shingled Disk Devices",
  number =	 "CMU-PDL-11-107",
  month =	 "April",
  year =	 2011,
  institution =	 "Parallel Data Laboratory, Carnegie Mellon University",
}

@inproceedings{hermes,
  author =	 {Ethan L. Miller and Scott A. Brandt and Darrell
                  D. E. Long},
  title =	 {{HeRMES}: High-Performance Reliable {MRAM}-Enabled
                  Storage},
  howpublished = {Proceedings of the 8th IEEE Workshop on Hot Topics in
                  Operating Systems ({HotOS-VIII})},
  pages =	 {83-87},
  month =	 {May},
  year =	 2001
}

@article{greaves:tmag09,
  author =	 {Simon Greaves and Yasushi Kanai and Hiroaki Muraoka},
  title =	 {Shingled Recording for 2--3~{T}bit/in$^{2}$},
  journal =	 {IEEE Transactions on Magnetics},
  volume =	 45,
  number =	 10,
  month =	 {Oct.},
  year =	 2009,
  pages =	 {3823-3829}
}

@inproceedings{BHS95,
  AUTHOR =	 {Trevor Blackwell and Jeffrey Harris and Margo Seltzer},
  TITLE =	 {Heuristic Cleaning Algorithms in Log-Structured File
                  Systems},
  BOOKTITLE =	 {Usenix Technical Conference},
  YEAR =	 1995
}

@Article{bender:siam05,
  AUTHOR =	 {Michael A. Bender and Erik D. Demaine and Martin
                  Farach-Colton},
  TITLE =	 {Cache-Oblivious {B}-Trees},
  JOURNAL =	 {SIAM Journal on Computing},
  VOLUME =	 35,
  NUMBER =	 2,
  YEAR =	 2005,
  PAGES =	 {341--358}
}

@unpublished{burner:archive,
	author =	{Mike Burner and Brewster Kahle},
	title =		{Arc File Format},
	note = 	{Available at http://archive.org/web/researcher/ArcFileFormat.php.}
}

@inproceedings{BJLM92,
  AUTHOR =	 {Michael Burrows and Charles Jerian and Butler Lampson and
                  Timothy Mann},
  TITLE =	 {On-line Data Compression in a Log Structured File System},
  BOOKTITLE =	 {Architectural Support for Programming Languages and
                  Operating Systems},
  YEAR =	 1992,
  NOTE =	 {ASPLOS}
}

@inproceedings{challenger:apmrc09,
  author =	 {W. A. Challenger and C. Peng and A.V. Itagi and D. Karns
                  and Y. Peng and X. Yang and X. Zhu and N.J. Gokemeijer and
                  Y.T. Hsia and G. Yu and R. E. Rottmayer and M.A. Seigler
                  and E. C. Gage},
  title =	 {The Road to {H}{A}{M}{R}},
  booktitle =	 {Asia-Pacific Magnetic Recording Conference (APMCR '09)},
  year =	 2009
}

@unpublished{chan:tmag09,
  author =	 {K. S. Chan and J. Miles and E. Hwang and
                  B. V. K. Vijayakumar and J. G. Zhu and W. C. Lin and
                  R. Negi},
  title =	 {{T}{D}{M}{R} Platform Simulations and Experiments},
  note =	 {Accepted by IEEE Transactions on Magnetics, 2009}
}

@article{charap:tmag97,
  author =	 {S. H. Charap and Pu-Ling Lu and Yanjun He},
  title =	 {Thermal Stability of Recorded Information at High
                  Densities},
  journal =	 {IEEE Transactions on Magnetics},
  volume =	 33,
  number =	 1,
  pages =	 {978--983},
  month =	 {Jan.},
  year =	 1997
}

@inproceedings{DNH04,
  AUTHOR =	 {Hui Dai and Michael Neufeld and Richard Han},
  TITLE =	 {ELF: An Efficient Log-Structured Flash File System for
                  Micro Sensor Nodes},
  BOOKTITLE =	 {ACM Conference on Embedded Networked Sensor Systems},
  YEAR =	 2004
}

@article{D+08,
  AUTHOR =	 {A. Dholakia and E. Eleftheriou and X. Hu and I. Iliadis
                  and J. Menon and K. Rao},
  TITLE =	 {A new Intra-Disk Redundancy Scheme for High-Reliability
                  RAID Storage Systems in the Presence of Unrecoverable
                  Errors},
  JOURNAL =	 {ACM Transactions on Storage},
  VOLUME =	 4,
  NUMBER =	 1,
  MONTH =	 {May},
  YEAR =	 2008,
  PAGES =	 {1-42}
}

@article{easton:ibmj86,
  author =	 {Malcolm Easton},
  title =	 {Key-sequence Data Sets on Indelible Storage},
  journal =	 {IBM Journal of Research and Development},
  volume =	 30,
  number =	 3,
  month =	 {May},
  year =	 1986
}

@inproceedings{Finlayson:sosp87,
  author =	 {Finlayson, R. and Cheriton, D.},
  title =	 {Log files: an extended file service exploiting write-once
                  storage},
  booktitle =	 {SOSP '87: Proceedings of the eleventh ACM Symposium on
                  Operating systems principles},
  year =	 1987,
  pages =	 {139--148}
}

@article{Gait:computer88,
  AUTHOR =	 {Jason Gait},
  TITLE =	 {The Optical File Cabinet},
  JOURNAL =	 {Computer},
  MONTH =	 {June},
  YEAR =	 1988,
  VOLUME =	 39,
  NUMBER =	 1,
  PAGES =	 {2--9}
}

@techreport{Garfinkel:techreportMIT86,
  AUTHOR =	 {Simson Garfinkel},
  TITLE =	 {A File System for Write-Once Media},
  INSTITUTION =	 {MIT Media Lab Technical Report},
  YEAR =	 1986,
  MONTH =	 {Oct.}
}

@techreport{GP09,
  AUTHOR =	 {G. Gibson and M. Polte},
  TITLE =	 {Directions for Shingled-Write and Two-Dimensional Magnetic
                  Recording System Architectures: Synergies with Solid-State
                  Disks},
  INSTITUTION =	 {Carnegie Mellon University Parallel Data Lab},
  YEAR =	 2009,
  NOTE =	 {{CMU-PDL-09-014}},
  MONTH =	 {May}
}

@inproceedings{hitz:usenix94,
  AUTHOR =	 {Dave Hitz and James Lau and Michael Malcolm},
  TITLE =	 {File System Design for an {NFS} File Server Appliance},
  BOOKTITLE =	 {Winter 1994 USENIX Conference},
  YEAR =	 1994
}

@unpublished{hunter:08,
  author =	 {Adrian Hunter},
  title =	 {A Brief Introduction to the Design of {U}{B}{I}{F}{S}},
  note =	 {available at
                  \\http://www.linux-mtd.infradead.org/doc/\\ubifs\_whitepaper.pdf}
}

@unpublished{KNSCW09,
  AUTHOR =	 {Prakash Kasiraj and Richard New and Jorge de Souza and
                  Mason Williams},
  TITLE =	 {System and Method for Writing Data to Dedicated Bands of a
                  Hard Disk Drive},
  NOTE =	 {{U}nited {S}tates Patent 7490212}
}

@inproceedings{kang:emsoft07,
  author =	 {Kang, Dongwon and Jung, Dawoon and Kang, Jeong-Uk and Kim,
                  Jin-Soo},
  title =	 {{M}u-tree: an ordered index structure for {NAND} flash
                  memory},
  booktitle =	 {EMSOFT '07: Proceedings of the 7th ACM \& IEEE
                  International Conference on Embedded Software},
  year =	 2007,
  pages =	 {144--153}
}

@article{knowlton:cacm65,
  author =	 {Knowlton, Kenneth C.},
  title =	 {A fast storage allocator},
  journal =	 {Commununications of the ACM},
  volume =	 8,
  number =	 10,
  year =	 1965,
  pages =	 {623--624}
}

@inproceedings{KSS93,
  AUTHOR =	 {John Kohl and Carl Staelin and Michael Stonebraker},
  TITLE =	 {HighLight: Using a Log-structured File System for Tertiary
                  Storage Management},
  BOOKTITLE =	 {Usenix Conference},
  YEAR =	 1993
}

@article{koch:tocs87,
  author =	 {Koch, Philip D. L.},
  title =	 {Disk file allocation based on the buddy system},
  journal =	 {ACM Transactions on Computer Systems},
  volume =	 5,
  number =	 4,
  year =	 1987,
  pages =	 {352--370}
}

@inproceedings{krishnan:globcom09,
  title =	 {{L}{D}{P}{C} Decoding Strategies for Two-Dimensional
                  Magnetic Recording},
  author =	 {Anantha Raman Krishnan and Rathnakumar Radhakrishnan and
                  Bane Vasic},
  booktitle =	 {IEEE Global Communications Conference},
  year =	 2009,
}

@inproceedings{krishnan:magc09,
  title =	 {Two-Dimensional Magnetic Recording: Read Channel Modeling
                  and Detection},
  author =	 {Anantha Raman Krishnan and Rathnakumar Radhakrishnan and
                  Bane Vasic and Aleksander Kavcik and William Ryan and
                  Fatih Erden},
  booktitle =	 {IEEE International Magnetics Conference},
  year =	 2009,
  month =	 {May}
}

@ARTICLE{kryder:ieeeproc08,
  title =	 {Heat Assisted Magnetic Recording},
  author =	 {Kryder, M.H. and Gage, E.C. and McDaniel, T.W. and
                  Challener, W.A. and Rottmayer, R.E. and Ganping Ju and
                  Yiao-Tee Hsia and Erden, M.F.},
  journal =	 {Proceedings of the IEEE},
  year =	 2008,
  month =	 {Nov.},
  volume =	 96,
  number =	 11,
  pages =	 {1810-1835},
}

@inproceedings{kryder:mag09,
  title =	 {After hard drives -- What Comes Next?},
  author =	 {Kryder, M.H.},
  booktitle =	 {Proceedings of the IEEE International Magnetics
                  Conference},
  month =	 {May},
  year =	 2009
}

@article{kryder:tmag09,
  author =	 {Mark H. Kryder and Chang Soo Kim},
  title =	 {After hard drives -- What Comes Next?},
  journal =	 {IEEE Transactions on Magnetics},
  volume =	 45,
  number =	 10,
  month =	 {Oct.},
  year =	 2009,
  pages =	 {3406-3413}
}

@inproceedings{lee:sigmod07,
  author =	 {Lee, Sang-Won and Moon, Bongki},
  title =	 {Design of flash-based DBMS: an in-page logging approach},
  booktitle =	 {SIGMOD '07: Proceedings of the 2007 ACM SIGMOD
                  international conference on Management of data},
  year =	 2007,
  pages =	 {55--66}
}

@inproceedings{li:icde09,
  author =	 {Li, Yinan and He, Bingsheng and Luo, Qiong and Yi, Ke},
  title =	 {Tree Indexing on Flash Disks},
  booktitle =	 {ICDE '09: Proceedings of the 2009 IEEE International
                  Conference on Data Engineering},
  year =	 2009,
  pages =	 {1303--1306}
}

@inproceedings{L95,
  AUTHOR =	 {David Lomet},
  TITLE =	 {The Case for Log Structuring in Database Systems},
  BOOKTITLE =	 {International Workshop on High Performance Transaction
                  Systems},
  YEAR =	 1995
}

@article{matsumoto:fstj06,
  author =	 {Koji Matsumoto and Akihiro Inomata and Shinya Hasegawa},
  title =	 {Thermally Assisted Magnetic Recording},
  journal =	 {Fujitsu Scientific and Technical Journal},
  volume =	 42,
  number =	 1,
  pages =	 {158--167},
  year =	 2006,
  month =	 {Jan.}
}

@inproceedings{MRCWA97,
  AUTHOR =	 {Jeanna Matthews and Drew Roselli and Adam Costello and
                  Randolph Wang and Thomas Anderson},
  TITLE =	 {Improving the Performance of Log-Structured File Systems
                  with Adaptive Methods},
  BOOKTITLE =	 {ACM Symposium on Operating Systems Principles},
  YEAR =	 1997
}

@inproceedings{mullender:sosp85,
  author =	 {Mullender, Sape J. and Tanenbaum, Andrew S.},
  title =	 {A distributed file service based on optimistic concurrency
                  control},
  booktitle =	 {SOSP '85: Proceedings of the tenth ACM symposium on
                  Operating systems principles},
  year =	 1985,
  pages =	 {51--62}
}

@article{mckusick:tocs84,
  author =	 {McKusick, Marshall K. and Joy, William N. and Leffler,
                  Samuel J. and Fabry, Robert S.},
  title =	 {A fast file system for UNIX},
  journal =	 {ACM Transactions on Computer Systems},
  volume =	 2,
  number =	 3,
  year =	 1984,
  issn =	 {0734-2071},
  pages =	 {181--197}
}

@inproceedings{nath:ipsn07,
  author =	 {Nath, Suman and Kansal, Aman},
  title =	 {Flash{D}{B}: dynamic self-tuning database for NAND flash},
  booktitle =	 {IPSN '07: Proceedings of the 6th international conference
                  on Information processing in sensor networks},
  year =	 2007,
  pages =	 {410--419}
}

@article{ousterhout:sigops89,
  author =	 {Ousterhout, John and Douglis, Fred},
  title =	 {Beating the {I/O} bottleneck: a case for log-structured
                  file systems},
  journal =	 {SIGOPS Operating Systems Review},
  volume =	 23,
  number =	 1,
  year =	 1989,
  issn =	 {0163-5980},
  pages =	 {11--28}
}

@article{oneil:actainformatica1996,
  AUTHOR =	 {Patrick O'Neil and Edward Cheng and Dieter Gawlick and
                  Elizabeth O'Neil},
  TITLE =	 {The Log-Structured Merge Tree ({L}{S}{M}-Tree)},
  JOURNAL =	 {Acta Informatica},
  YEAR =	 1996,
  VOLUME =	 33,
  NUMBER =	 4,
  PAGES =	 {351--385}
}

@article{Quinlan:spe91,
  AUTHOR =	 {Sean Quinlan},
  TITLE =	 {A Cached {WORM} File System},
  JOURNAL =	 {Software -- Practice and Experience},
  VOLUME =	 21,
  NUMBER =	 12,
  MONTH =	 {Dec.},
  YEAR =	 1991
}

@inproceedings{Rathmann:icde84,
  author =	 {Rathmann, Peter},
  title =	 {Dynamic Data Structures on Optical Disks},
  booktitle =	 {Proceedings of the First International Conference on Data
                  Engineering},
  year =	 1984,
  pages =	 {175--180},
}

@ARTICLE{richter:tmag06,
  title =	 {Recording on Bit-Patterned Media at Densities of
                  1~{T}b/in$^{2}$ and Beyond},
  author =	 {Richter, H.J. and Dobin, A.Y. and Heinonen, O. and Gao,
                  K.Z. and Veerdonk, R.J.Mvd. and Lynch, R.T. and Xue,
                  J. and Weller, D. and Asselin, P. and Erden, M.F. and
                  Brockie, R.M.},
  journal =	 {IEEE Transactions on Magnetics},
  year =	 2006,
  month =	 {Oct.},
  volume =	 42,
  number =	 10,
  pages =	 {2255-2260}
}

@phdthesis{R92,
  AUTHOR =	 {Mendel Rosenblum},
  TITLE =	 {The Design and Implementation of a Log-structured File
                  System},
  SCHOOL =	 {UC~Berkeley},
  YEAR =	 1992
}

@article{rottmayer:tmag06,
  author =	 { Robert E. Rottmeyer and Sharat Batra and Dorothea Buechel
                  and William A. Challener and Julius Hohlfeld and Yukiko
                  Kubota and Lei Li and Bin Lu and Cristophe Mihalcea and
                  Keith Mountfiled and Kalman Pelhos and Peng Chubing and
                  Tim Rausch and Michael A. Seigler and Dieter Weller and
                  Yang Xiaomin},
  title =	 {Heat-Assisted Magnetic Recording},
  journal =	 {IEEE Transactions on Magnetics},
  volume =	 42,
  number =	 10,
  pages =	 {2417--2421},
  month =	 {Oct.},
  year =	 2006
}

@article{RO91,
  AUTHOR =	 {Mendel Rosenblum and John Ousterhout},
  TITLE =	 {The Design and Implementation of a Log-Structured File
                  System},
  JOURNAL =	 {Operating Systems Review},
  YEAR =	 1991,
  MONTH =	 {Oct.},
  VOLUME =	 25,
  NUMBER =	 5,
  PAGES =	 {1-15}
}

@unpublished{sann:09,
  author =	 {Chan Kheong Sann and Rathnakumar Radhakrishnan and Kwaku
                  Eason and Rachid Moulay Elidrissi and Jim Miles and Bane
                  Vasic and Anantha Raman Krishnan},
  title =	 {Channel Models and Detectors for Two-Dimensional Magnetic
                  Recording ({T}{D}{M}{R})},
  note =	 {submitted, http://www.ece.arizona.edu/\textasciitilde
                  vasiclab/Projects/\\DataStorage/Papers/TDMRKheong.pdf}
}

@inproceedings{SBMS93,
  AUTHOR =	 {Margo Selzer and Keith Bostic and Marshall McKusick and
                  Carl Staelin},
  TITLE =	 {An Implementation of a Log-Structured File System for
                  {U}{N}{I}{X}},
  BOOKTITLE =	 {Winter Usenix Conference},
  YEAR =	 1993
}

@inproceedings{TW09,
  AUTHOR =	 {Ikuya Tagawa and Mason Williams},
  TITLE =	 {High Density Data-Storage using Shingle-Write},
  booktitle =	 {Proceedings of the IEEE International Magnetics
                  Conference},
  YEAR =	 2009
}

@article{shiroishi:tmag09,
  author =	 {Y. Shiroishi and K. Fukuda and I. Tagawa and S. Takenoiri
                  and H. Tanaka and N. Yoshikawa},
  title =	 {Future Options for {H}{D}{D} Storage},
  journal =	 {IEEE Transactions on Magnetics},
  volume =	 45,
  number =	 10,
  month =	 {Oct.},
  year =	 2009
}

@inproceedings{stoica:damon09,
  author =	 {Stoica, Radu and Athanassoulis, Manos and Johnson, Ryan
                  and Ailamaki, Anastasia},
  title =	 {Evaluating and repairing write performance on flash
                  devices},
  booktitle =	 {{DaMoN \'09}: Proceedings of the Fifth International
                  Workshop on Data Management on New Hardware},
  year =	 2009,
  pages =	 {9--14}
}

@article{Vitter:transdatabase85,
  author =	 {Vitter, Jeffrey S.},
  title =	 {An efficient {I}/{O} interface for optical disks},
  journal =	 {ACM Transactions on Database Systems},
  volume =	 10,
  number =	 2,
  year =	 1985,
  pages =	 {129--162},
}

@ARTICLE{wood00,
  title =	 {The feasibility of magnetic recording at 1 Terabit per
                  square inch},
  author =	 {Wood, R.},
  journal =	 {IEEE Transactions on Magnetics},
  year =	 2000,
  month =	 {Jan.},
  volume =	 36,
  number =	 1,
  pages =	 {36-42},
}

@article{Wu:tecs07,
  author =	 {Wu, Chin-Hsien and Kuo, Tei-Wei and Chang, Li Ping},
  title =	 {An efficient {B}-tree layer implementation for
                  flash-memory storage systems},
  journal =	 {ACM Transactions in Embedded Computer Systems},
  volume =	 6,
  number =	 3,
  year =	 2007,
  pages =	 19,
}

@ARTICLE{wu:tmag03,
  title =	 {Iterative detection and decoding for separable
                  two-dimensional intersymbol interference},
  author =	 {Yunxiang Wu and O'Sullivan, J.A. and Singla, N. and
                  Indeck, R.S.},
  journal =	 {IEEE Transactions on Magnetics},
  year =	 2003,
  month =	 {July},
  volume =	 39,
  number =	 4,
  pages =	 { 2115-2120},
}

@inproceedings{zeinalipour:fost05,
  author =	 {Zeinalipour-Yazti, Demetrios and Lin, Song and Kalogeraki,
                  Vana and Gunopulos, Dimitrios and Najjar, Walid A.},
  title =	 {Microhash: an efficient index structure for flash-based
                  sensor devices},
  booktitle =	 {FAST'05: Proceedings of the 4th conference on USENIX
                  Conference on File and Storage Technologies},
  year =	 2005,
  pages =	 {3--3}
}

@inproceedings{zhang:mss06,
  AUTHOR =	 {Xianbo Zhang and David Du and Jim Hughes and Ravi Kavuri},
  TITLE =	 {HPTFS: A High Performance Tape File System},
  BOOKTITLE =	 {26th IEEE Symposium on Massive Storage Systems and
                  Technology},
  YEAR =	 2006
}

@ARTICLE{zhu:tmag08,
  title =	 {Microwave Assisted Magnetic Recording},
  author =	 {Jian-Gang Zhu and Xiaochun Zhu and Yuhui Tang},
  journal =	 {IEEE Transactions on Magnetics},
  year =	 2008,
  month =	 {Jan.},
  volume =	 44,
  number =	 1,
  pages =	 {125-131}
}
